@misc{swiprolog,
  title={SWI-Prolog}, 
  author={Jan Wielemaker and Tom Schrijvers and Markus Triska and Torbj√∂rn Lager},
  year={2010},
}
